,movie_title,release_date,genre,MPAA_rating,director,year,month,day,animated,revenue
0,Recess: School's Out,2/16/2001,Comedy,G,Chuck Sheetz,2001,2,16,YES,"$54,656,124 "
1,D2: The Mighty Ducks,3/25/1994,Comedy,PG,Sam Weisman,1994,3,25,NO,"$94,226,333 "
2,Home on the Range,4/2/2004,Comedy,PG,Will Finn,2004,4,2,YES,"$67,910,166 "
3,Young Black Stallion,12/25/2003,Adventure,G,Simon Wincer,2003,12,25,NO,"$9,254,344 "
4,What's Love Got to Do With It,6/9/1993,Drama,R,Brian Gibson,1993,6,9,NO,"$79,618,610 "
5,Lady and the Tramp,6/22/2055,Drama,G,Hamilton Luske,1955,6,22,NO,"$1,236,035,515 "
6,Corky Romano,10/12/2001,Comedy,PG-13,Rob Pritts,2001,10,12,NO,"$35,705,805 "
7,The Waterboy,11/6/1998,Comedy,PG-13,Frank Coraci,1998,11,6,NO,"$288,691,833 "
8,Captain America: The Winter Soldier,4/4/2014,Action,PG-13,Anthony Russo,2014,4,4,NO,"$268,013,076 "
9,Pirates of the Caribbean: Dead Man’…,7/7/2006,Adventure,PG-13,Gore Verbinski,2006,7,7,NO,"$544,817,142 "
10,Ladder 49,10/1/2004,Action,PG-13,Jay Russell,2004,10,1,NO,"$101,161,045 "
11,Coyote Ugly,8/4/2000,Drama,PG-13,David McNally,2000,8,4,NO,"$95,070,168 "
12,The Sixth Man,3/28/1997,Comedy,PG-13,Randall Miller,1997,3,28,NO,"$27,117,599 "
13,Dick Tracy,6/15/1990,Action,PG,Warren Beatty,1990,6,15,NO,"$207,231,621 "
14,Sister Act 2 Back in the Habit,12/10/1993,Comedy,PG,Bill Duke,1993,12,10,YES,"$116,965,668 "
15,DuckTales: The Movie - Treasure of th…,8/3/1990,Adventure,G,Bob Hathcock,1990,8,3,NO,"$36,107,823 "
16,Blame it on the Bellboy,3/6/1992,Comedy,PG-13,Mark Herman,1992,3,6,YES,"$5,872,667 "
17,The Hunchback of Notre Dame,6/21/1996,Adventure,G,Gary Trousdale,1996,6,21,NO,"$190,988,799 "
18,Ernest Goes to Jail,4/6/1990,Comedy,PG,John R. Cherry III,1990,4,6,NO,"$49,999,822 "
19,Ant-Man,7/17/2015,Action,PG-13,NO_DIRECTOR,2015,7,17,NO,"$180,202,163 "
20,The Shaggy Dog,3/10/2006,Comedy,PG,Brian Robbins,2006,3,10,NO,"$78,667,428 "
21,The Life Aquatic with Steve Zissou,12/10/2004,Comedy,R,Wes Anderson,2004,12,10,NO,"$32,198,655 "
22,Bridge to Terabithia,2/16/2007,Drama,PG,Gábor Csupó,2007,2,16,YES,"$100,760,721 "
23,Beauty and the Beast,11/13/1991,Musical,G,Gary Trousdale,1991,11,13,NO,"$363,017,667 "
24,Miami Rhapsody,1/27/1995,Romantic Comedy,PG-13,David Frankel,1995,1,27,NO,"$9,857,435 "
25,A Bug's Life,11/20/1998,Adventure,G,John Lasseter,1998,11,20,NO,"$288,981,698 "
26,3 Men and a Little Lady,11/21/1990,Comedy,PG,Emile Ardolino,1990,11,21,NO,"$143,108,869 "
27,The Puppet Masters,10/21/1994,Horror,R,Stuart Orme,1994,10,21,NO,"$17,727,017 "
28,Signs,8/2/2002,Thriller/Suspense,PG-13,M. Night Shyamalan,2002,8,2,NO,"$330,754,439 "
29,Dead Presidents,10/4/1995,Drama,R,Albert Hughes,1995,10,4,NO,"$46,741,467 "
30,"McFarland, USA",2/20/2015,Drama,PG,Niki Caro,2015,2,20,NO,"$44,480,275 "
31,George Of The Jungle,7/16/1997,Comedy,PG,Sam Weisman,1997,7,16,NO,"$193,326,632 "
32,Bound by Honor,4/16/1993,Crime,R,Taylor Hackford,1993,4,16,NO,"$9,156,084 "
33,The Avengers,5/4/2012,Action,PG-13,Joss Whedon,2012,5,4,NO,"$660,081,224 "
34,Ten Things I Hate About You,3/31/1999,Romantic Comedy,PG-13,Andre Paras,1999,3,31,NO,"$63,354,375 "
35,Earth,4/22/2009,Documentary,G,NO_DIRECTOR,2009,4,22,NO,"$35,981,010 "
36,Hello Again,11/6/1987,Comedy,PG,Tom Gustafson,1987,11,6,YES,"$44,024,529 "
37,When a Man Loves a Woman,4/29/1994,Drama,R,Luis Mandoki,1994,4,29,NO,"$103,354,194 "
38,Unbreakable,11/22/2000,Thriller/Suspense,PG-13,NO_DIRECTOR,2000,11,22,YES,"$148,208,901 "
39,3 Men and a Baby,11/25/1987,Comedy,PG,Leonard Nimoy,1987,11,25,NO,"$353,334,607 "
40,X Games 3D: The Movie,8/21/2009,Documentary,PG,Steven Lawrence,2009,8,21,NO,"$1,563,976 "
41,Cars 2,6/24/2011,Adventure,G,John Lasseter,2011,6,24,NO,"$203,522,177 "
42,The Princess Diaries 2: Royal Engagement,8/11/2004,Romantic Comedy,G,Garry Marshall,2004,8,11,NO,"$129,164,207 "
43,The Jungle Book 2,2/14/2003,Adventure,G,Steve Trenbirth,2003,2,14,NO,"$66,966,883 "
44,Aspen Extreme,1/22/1993,Romantic Comedy,PG-13,Patrick Hasburgh,1993,1,22,NO,"$15,970,955 "
45,Noises Off...,3/20/1992,Comedy,PG-13,Peter Bogdanovich,1992,3,20,NO,"$4,631,720 "
46,He Got Game,5/1/1998,Drama,R,Spike Lee,1998,5,1,NO,"$38,766,948 "
47,Bringing Down the House,3/7/2003,Comedy,PG-13,Adam Shankman,2003,3,7,NO,"$185,481,530 "
48,Bon Voyage!,5/17/2062,Comedy,Not Rated,Jean-Paul Rappeneau,1962,5,17,NO,"$109,581,646 "
49,Doctor Strange,11/4/2016,Adventure,PG-13,NO_DIRECTOR,2016,11,4,NO,"$232,532,923 "
50,Flubber,11/26/1997,Comedy,PG,Les Mayfield,1997,11,26,NO,"$170,406,423 "
51,Roving Mars,1/27/2006,Documentary,G,George Butler,2006,1,27,YES,"$12,948,025 "
52,Captain Ron,9/18/1992,Comedy,PG-13,Thom Eberhardt,1992,9,18,NO,"$45,741,576 "
53,Shadow Conspiracy,1/31/1997,Thriller/Suspense,R,George P. Cosmatos,1997,1,31,NO,"$3,957,025 "
54,Good Morning Vietnam,12/23/1987,Comedy,R,Barry Levinson,1987,12,23,NO,"$254,414,837 "
55,Babes in Toyland,12/14/2061,Musical,G,NO_DIRECTOR,1961,12,14,NO,"$124,841,160 "
56,An Innocent Man,10/6/1989,Drama,R,Peter Yates,1989,10,6,NO,"$40,983,414 "
57,Summer of Sam,7/2/1999,Drama,R,Spike Lee,1999,7,2,NO,"$32,007,656 "
58,The Good Dinosaur,11/25/2015,Adventure,PG,Peter Sohn,2015,11,25,NO,"$123,087,120 "
59,Angels in the Outfield,7/15/1994,Comedy,PG,William Dear,1994,7,15,NO,"$103,798,152 "
60,Tough Guys,10/3/1986,Comedy,PG,Jeff Kanew,1986,10,3,NO,"$48,758,184 "
61,Something Wicked This Way Comes,4/29/1983,Horror,PG,Jack Clayton,1983,4,29,NO,"$15,136,765 "
62,The Rocketeer,6/21/1991,Action,PG,Joe Johnston,1991,6,21,NO,"$93,256,673 "
63,Stakeout,8/5/1987,Comedy,R,John Badham,1987,8,5,YES,"$141,592,160 "
64,National Treasure 2: Book of Secrets,12/21/2007,Adventure,PG,Jon Turteltaub,2007,12,21,NO,"$267,003,525 "
65,Terminal Velocity,9/23/1994,Action,PG-13,Deran Sarafian,1994,9,23,NO,"$34,048,315 "
66,Apocalypto,12/8/2006,Adventure,R,Mel Gibson,2006,12,8,NO,"$64,959,548 "
67,Invincible,8/25/2006,Drama,PG,NO_DIRECTOR,2006,8,25,NO,"$74,398,864 "
68,25th Hour,12/19/2002,Drama,R,Spike Lee,2002,12,19,NO,"$18,325,463 "
69,Mighty Joe Young,12/25/1998,Adventure,PG,Ron Underwood,1998,12,25,NO,"$87,906,042 "
70,Deceived,9/27/1991,Thriller/Suspense,PG-13,NO_DIRECTOR,1991,9,27,NO,"$57,544,453 "
71,Never Cry Wolf,10/7/1983,Drama,PG,Carroll Ballard,1983,10,7,NO,"$70,669,955 "
72,G-Force,7/24/2009,Adventure,PG,Hoyt Yeatman,2009,7,24,NO,"$134,246,932 "
73,Feast of July,10/13/1995,Drama,R,Christopher Menaul,1995,10,13,NO,"$568,342 "
74,The Lookout,3/30/2007,Drama,R,Scott Frank,2007,3,30,NO,"$5,637,048 "
75,Cool Runnings,10/1/1993,Comedy,PG,Jon Turteltaub,1993,10,1,NO,"$140,392,731 "
76,Alice Through the Looking Glass,5/27/2016,Adventure,PG,James Bobin,2016,5,27,NO,"$77,042,381 "
77,The Devil and Max Devlin,1/1/1981,Fantasy,PG,Steven Hilliard Stern,1981,1,1,NO,"$48,517,980 "
78,The Chronicles of Narnia: Prince Caspian,5/16/2008,Adventure,PG,Andrew Adamson,2008,5,16,NO,"$166,277,038 "
79,The Insider,11/5/1999,Drama,R,Michael Mann,1999,11,5,YES,"$47,794,214 "
80,Camp Nowhere,8/26/1994,Comedy,PG,Jonathan Prince,1994,8,26,NO,"$21,576,332 "
81,The Rock,6/7/1996,Action,R,Michael Bay,1996,6,7,NO,"$255,702,705 "
82,Green Card,12/25/1990,Romantic Comedy,PG-13,Peter Weir,1990,12,25,NO,"$59,679,131 "
83,Real Steel,10/7/2011,Action,PG-13,Shawn Levy,2011,10,7,NO,"$90,848,019 "
84,A Kid in King Arthur's Court,8/11/1995,Adventure,PG,Michael Gottlieb,1995,8,11,NO,"$25,981,285 "
85,The Last Flight of Noah’s Ark,6/25/1980,Adventure,G,Charles Jarrott,1980,6,25,NO,"$34,472,116 "
86,African Cats,4/22/2011,Documentary,G,Alastair Fothergill,2011,4,22,YES,"$16,401,551 "
87,Toy Story 3D Double Feature,10/2/2009,Adventure,G,NO_DIRECTOR,2009,10,2,NO,"$34,509,545 "
88,Into the Woods,12/25/2014,Musical,PG,Rob Marshall,2014,12,25,NO,"$130,894,237 "
89,Finding Nemo,5/30/2003,Adventure,G,Andrew Stanton,2003,5,30,NO,"$518,148,559 "
90,The Good Mother,11/4/1988,Drama,R,Steve Antin,1988,11,4,NO,"$9,772,655 "
91,The Hundred-Foot Journey,8/8/2014,Romantic Comedy,PG,Lasse Hallström,2014,8,8,NO,"$55,961,409 "
92,Pearl Harbor,5/25/2001,Action,PG-13,Michael Bay,2001,5,25,NO,"$295,705,112 "
93,Pirates of the Caribbean: At World’…,5/24/2007,Adventure,PG-13,Gore Verbinski,2007,5,24,NO,"$379,129,960 "
94,Color of Night,8/19/1994,Thriller/Suspense,R,Richard Rush,1994,8,19,NO,"$40,804,816 "
95,Romy and Michele's High School Reunion,4/25/1997,Comedy,R,David Mirkin,1997,4,25,NO,"$53,693,680 "
96,Cheetah,8/18/1989,Adventure,UNKNOWN,NO_DIRECTOR,1989,8,18,NO,"$16,653,473 "
97,Jack,8/9/1996,Drama,PG-13,NO_DIRECTOR,1996,8,9,NO,"$111,792,852 "
98,Monsters University,6/21/2013,Adventure,G,Dan Scanlon,2013,6,21,YES,"$278,395,641 "
99,The Fifth Estate,10/18/2013,Drama,R,Bill Condon,2013,10,18,NO,"$3,374,251 "
100,Before and After,2/23/1996,Drama,PG-13,Barbet Schroeder,1996,2,23,YES,"$16,482,589 "
101,Moonlight Mile,9/27/2002,Drama,PG-13,Brad Silberling,2002,9,27,NO,"$9,909,094 "
102,A Stranger Among Us,7/17/1992,Drama,PG-13,Sidney Lumet,1992,7,17,NO,"$24,950,752 "
103,The Lizzie McGuire Movie,5/2/2003,Comedy,PG,Jim Fall,2003,5,2,NO,"$59,743,191 "
104,Krippendorf's Tribe,2/27/1998,Comedy,PG-13,Todd Holland,1998,2,27,NO,"$13,608,633 "
105,crazy/beautiful,6/29/2001,Drama,PG-13,NO_DIRECTOR,2001,6,29,YES,"$25,214,223 "
106,Adventures in Babysitting,7/3/1987,Comedy,PG-13,John Schultz,1987,7,3,NO,"$72,853,569 "
107,The Game Plan,9/22/2007,Comedy,PG,Andy Fickman,2007,9,22,NO,"$111,010,758 "
108,Splash,3/9/1984,Comedy,PG,Ron Howard,1984,3,9,NO,"$157,057,661 "
109,Who Framed Roger Rabbit?,6/22/1988,Comedy,PG,NO_DIRECTOR,1988,6,22,NO,"$316,250,084 "
110,The Light Between Oceans,9/2/2016,Drama,PG-13,Derek Cianfrance,2016,9,2,NO,"$12,545,979 "
111,The Guardian,9/29/2006,Action,PG-13,Andrew Davis,2006,9,29,NO,"$70,801,353 "
112,The Sword in the Stone,12/25/2063,Adventure,G,Wolfgang Reitherman,1963,12,25,NO,"$153,870,834 "
113,Mr. Holland's Opus,12/29/1995,Drama,PG,Stephen Herek,1995,12,29,NO,"$157,508,868 "
114,The Rescuers Down Under,11/16/1990,Adventure,G,Mike Gabriel,1990,11,16,NO,"$55,796,728 "
115,The Preacher's Wife,12/13/1996,Drama,PG,Penny Marshall,1996,12,13,NO,"$91,076,877 "
116,Sarafina!,9/18/1992,Drama,PG-13,Darrell James Roodt,1992,9,18,NO,"$14,841,352 "
117,Trenchcoat,3/11/1983,Comedy,PG,Michael Tuchner,1983,3,11,NO,"$11,519,089 "
118,Confessions of a Teenage Drama Queen,2/20/2004,Comedy,PG,Sara Sugarman,2004,2,20,NO,"$39,816,568 "
119,Around the World in 80 Days,6/16/2004,Adventure,PG,NO_DIRECTOR,2004,6,16,NO,"$32,585,356 "
120,Blaze,12/13/1989,Drama,R,NO_DIRECTOR,1989,12,13,YES,"$39,884,640 "
121,Toy Story,11/22/1995,Adventure,G,John Lasseter,1995,11,22,NO,"$370,409,631 "
122,Prince of Persia: Sands of Time,5/28/2010,Action,PG-13,NO_DIRECTOR,2010,5,28,NO,"$96,971,361 "
123,Eddie,5/31/1996,Comedy,PG-13,NO_DIRECTOR,1996,5,31,NO,"$59,828,966 "
124,White Fang 2: Myth of the White Wolf,4/15/1994,Adventure,PG,Ken Olin,1994,4,15,NO,"$18,083,994 "
125,White Squall,2/2/1996,Adventure,PG-13,Ridley Scott,1996,2,2,NO,"$19,509,726 "
126,The Invisible,4/27/2007,Thriller/Suspense,PG-13,NO_DIRECTOR,2007,4,27,YES,"$25,202,168 "
127,Guilty as Sin,6/4/1993,Thriller/Suspense,R,Sidney Lumet,1993,6,4,NO,"$46,064,723 "
128,Operation Dumbo Drop,7/28/1995,Adventure,PG,Simon Wincer,1995,7,28,NO,"$47,809,421 "
129,Ghosts of the Abyss,4/11/2003,Documentary,G,James Cameron,2003,4,11,NO,"$23,803,108 "
130,Scenes from a Mall,2/22/1991,Comedy,R,Paul Mazursky,1991,2,22,NO,"$19,149,495 "
131,The BFG,7/1/2016,Adventure,PG,Steven Spielberg,2016,7,1,NO,"$55,483,770 "
132,Tron,7/9/1982,Action,UNKNOWN,NO_DIRECTOR,1982,7,9,NO,"$77,184,895 "
133,Firelight,9/4/1998,Drama,R,William Nicholson,1998,9,4,NO,"$1,409,943 "
134,Delivery Man,11/22/2013,Comedy,PG-13,Ken Scott,2013,11,22,YES,"$31,787,136 "
135,New York Stories,3/1/1989,Drama,PG,Francis Ford Coppola,1989,3,1,NO,"$22,740,861 "
136,Disorganized Crime,4/14/1989,Comedy,R,Jim Kouf,1989,4,14,NO,"$15,233,465 "
137,Tom and Huck,12/22/1995,Adventure,PG,Peter Hewitt,1995,12,22,NO,"$45,911,517 "
138,Keeping the Faith,4/14/2000,Romantic Comedy,PG-13,Edward Norton,2000,4,14,NO,"$57,925,202 "
139,Grosse Pointe Blank,4/11/1997,Black Comedy,R,George Armitage,1997,4,11,YES,"$51,579,764 "
140,Indian Summer,4/23/1993,Comedy,R,NO_DIRECTOR,1993,4,23,YES,"$29,968,953 "
141,The Princess and the Frog,11/25/2009,Adventure,G,Ron Clements,2009,11,25,NO,"$116,316,457 "
142,Billy Bathgate,11/1/1991,Drama,R,Robert Benton,1991,11,1,NO,"$31,167,691 "
143,3 Ninjas Kick Back,5/6/1994,Action,PG,Charles T. Kanganis,1994,5,6,NO,"$24,267,154 "
144,My Boyfriend's Back,8/6/1993,Comedy,PG-13,Bob Balaban,1993,8,6,NO,"$6,554,384 "
145,Goal! The Dream Begins,5/12/2006,Drama,PG,Danny Cannon,2006,5,12,YES,"$5,512,647 "
146,Country,9/29/1984,Drama,UNKNOWN,NO_DIRECTOR,1984,9,29,YES,"$21,075,000 "
147,Big Trouble,4/5/2002,Comedy,PG-13,NO_DIRECTOR,2002,4,5,NO,"$10,537,188 "
148,People Like Us,6/29/2012,Drama,PG-13,Alex Kurtzman,2012,6,29,NO,"$13,165,822 "
149,Mars Needs Moms,3/11/2011,Adventure,PG,Simon Wells,2011,3,11,NO,"$22,741,603 "
150,Angie,3/4/1994,Comedy,R,NO_DIRECTOR,1994,3,4,NO,"$19,116,981 "
151,Deuce Bigalow: Male Gigolo,12/10/1999,Comedy,R,Mike Mitchell,1999,12,10,NO,"$106,921,374 "
152,Veronica Guerin,10/17/2003,Drama,R,Joel Schumacher,2003,10,17,YES,"$2,194,759 "
153,Max Keeble's Big Move,10/5/2001,Comedy,PG,Tim Hill,2001,10,5,YES,"$25,749,730 "
154,The Scarlet Letter,10/13/1995,Drama,R,Roland Joffé,1995,10,13,NO,"$20,075,033 "
155,D3: The Mighty Ducks,10/4/1996,Comedy,PG,Rob Lieberman,1996,10,4,NO,"$43,713,554 "
156,Up,5/29/2009,Adventure,PG,NO_DIRECTOR,2009,5,29,NO,"$329,336,681 "
157,Alive,1/15/1993,Adventure,R,NO_DIRECTOR,1993,1,15,NO,"$73,914,543 "
158,Can't Buy Me Love,8/14/1987,Romantic Comedy,PG-13,Steve Rash,1987,8,14,NO,"$68,181,300 "
159,The Hoax,4/6/2007,Drama,R,Lasse Hallström,2007,4,6,NO,"$8,779,196 "
160,Fantasia,11/13/2040,Musical,G,David Hand,1940,11,13,NO,"$2,187,090,808.00 "
161,Crimson Tide,5/12/1995,Action,R,Tony Scott,1995,5,12,NO,"$177,102,077 "
162,Ransom,11/8/1996,Action,R,Ron Howard,1996,11,8,NO,"$259,807,820 "
163,Pretty Woman,3/23/1990,Romantic Comedy,R,Garry Marshall,1990,3,23,YES,"$356,389,765 "
164,Inspector Gadget,7/23/1999,Comedy,PG,David Kellogg,1999,7,23,NO,"$161,610,341 "
165,Winnie the Pooh,7/15/2011,Adventure,G,Stephen J. Anderson,2011,7,15,NO,"$28,375,869 "
166,The Tigger Movie,2/11/2000,Adventure,G,Jun Falkenstein,2000,2,11,YES,"$71,228,678 "
167,Heavy Weights,2/17/1995,Comedy,PG,Steven Brill,1995,2,17,NO,"$34,245,779 "
168,What About Bob?,5/17/1991,Comedy,PG,NO_DIRECTOR,1991,5,17,NO,"$127,571,325 "
169,Condorman,8/7/1981,Action,G,Charles Jarrott,1981,8,7,YES,$0 
170,The Haunted Mansion,11/26/2003,Comedy,PG,Rob Minkoff,2003,11,26,NO,"$105,775,678 "
171,The Hitchhiker's Guide to the Galaxy,4/29/2005,Comedy,PG,Garth Jennings,2005,4,29,YES,"$67,096,891 "
172,Bedknobs and Broomsticks,10/7/2071,Musical,G,Robert Stevenson,1971,10,7,NO,"$91,305,448 "
173,Pooh's Heffalump Movie,2/11/2005,Adventure,G,Frank Nissen,2005,2,11,NO,"$23,801,835 "
174,Open Range,8/15/2003,Western,R,Kevin Costner,2003,8,15,NO,"$81,547,672 "
175,D.O.A.,3/18/1988,Thriller/Suspense,R,Annabel Jankel,1988,3,18,NO,"$26,062,188 "
176,Meet the Deedles,3/27/1998,Comedy,PG,Steve Boyum,1998,3,27,NO,"$7,829,877 "
177,A Beautiful Planet,4/29/2016,Documentary,G,Toni Myers,2016,4,29,NO,"$7,895,708 "
178,Sister Act,5/29/1992,Comedy,PG,Emile Ardolino,1992,5,29,NO,"$283,583,472 "
179,Strange Magic,1/23/2015,Adventure,PG,Gary Rydstrom,2015,1,23,YES,"$12,429,583 "
180,The Many Adventures of Winnie the Pooh,3/11/1977,Animation,G,Wolfgang Reitherman,1977,3,11,NO,$0 
181,Quiz Show,9/14/1994,Drama,PG-13,Robert Redford,1994,9,14,NO,"$50,840,394 "
182,While You Were Sleeping,4/21/1995,Romantic Comedy,PG,Jon Turteltaub,1995,4,21,NO,"$157,082,900 "
183,Bedtime Stories,12/25/2008,Comedy,PG,Adam Shankman,2008,12,25,NO,"$128,039,679 "
184,"The Chronicles of Narnia: The Lion, t…",12/9/2005,Adventure,PG,Andrew Adamson,2005,12,9,NO,"$381,557,539 "
185,Instinct,6/4/1999,Drama,R,NO_DIRECTOR,1999,6,4,NO,"$56,595,842 "
186,Step Up,8/11/2006,Drama,PG-13,Anne Fletcher,2006,8,11,NO,"$84,078,780 "
187,G.I. Jane,8/22/1997,Drama,R,Ridley Scott,1997,8,22,NO,"$88,467,531 "
188,Oscar,4/26/1991,Comedy,PG,John Landis,1991,4,26,NO,"$47,181,395 "
189,The Parent Trap,7/29/1998,Comedy,PG,Nancy Meyers,1998,7,29,NO,"$119,185,667 "
190,Primeval,1/12/2007,Adventure,R,NO_DIRECTOR,2007,1,12,NO,"$12,985,302 "
191,The Lone Ranger,7/2/2013,Western,PG-13,Gore Verbinski,2013,7,2,YES,"$92,597,388 "
192,"Monsters, Inc.",11/2/2001,Adventure,G,Pete Docter,2001,11,2,NO,"$416,073,179 "
193,Reign of Fire,2/19/2002,Action,PG-13,Rob Bowman,2002,2,19,NO,"$62,480,631 "
194,Running Brave,11/4/1983,Drama,PG,Donald Shebib,1983,11,4,NO,"$3,223,725 "
195,Dinosaur,5/19/2000,Adventure,PG,Ralph Zondag,2000,5,19,NO,"$215,438,985 "
196,Rushmore,12/11/1998,Black Comedy,R,Wes Anderson,1998,12,11,NO,"$28,392,518 "
197,Freaky Friday,1/21/1977,Comedy,UNKNOWN,NO_DIRECTOR,1977,1,21,NO,"$98,067,733 "
198,The 13th Warrior,8/27/1999,Action,R,John McTiernan,1999,8,27,NO,"$54,262,148 "
199,Brave,6/22/2012,Adventure,PG,Brenda Chapman,2012,6,22,YES,"$251,292,441 "
200,Eight Below,2/17/2006,Adventure,PG,Frank Marshall,2006,2,17,YES,"$105,037,235 "
201,Gake no ue no Ponyo,8/14/2009,Adventure,G,Hayao Miyazaki,2009,8,14,NO,"$16,961,607 "
202,Queen of Katwe,9/23/2016,Drama,PG,Mira Nair,2016,9,23,YES,"$8,874,389 "
203,Straight Talk,4/3/1992,Comedy,PG,Barnet Kellman,1992,4,3,YES,"$43,068,356 "
204,Holy Man,10/9/1998,Comedy,PG,Stephen Herek,1998,10,9,NO,"$21,694,605 "
205,The Sorcerer's Apprentice,7/14/2010,Adventure,PG,Jon Turteltaub,2010,7,14,NO,"$67,473,105 "
206,Stella,2/2/1990,Drama,PG-13,NO_DIRECTOR,1990,2,2,NO,"$40,077,147 "
207,An American Werewolf in Paris,12/25/1997,Horror,R,Anthony Waller,1997,12,25,NO,"$48,546,161 "
208,The Mighty Ducks,10/2/1992,Comedy,PG,Stephen Herek,1992,10,2,YES,"$103,120,810 "
209,Tall Tale,3/24/1995,Western,PG,Jeremiah S. Chechik,1995,3,24,YES,"$15,983,331 "
210,Tangled,11/24/2010,Adventure,PG,Nathan Greno,2010,11,24,YES,"$214,388,548 "
211,Ed Wood,9/30/1994,Comedy,R,Tim Burton,1994,9,30,NO,"$12,042,634 "
212,The Jerky Boys,2/3/1995,Comedy,R,James Melkonian,1995,2,3,NO,"$14,641,561 "
213,The Rich Man's Wife,9/13/1996,Thriller/Suspense,R,Amy Holden Jones,1996,9,13,NO,"$16,284,619 "
214,"20,000 Leagues Under the Sea",12/23/2054,Adventure,G,Richard Fleischer,1954,12,23,NO,"$528,279,994 "
215,Super Mario Bros.,5/28/1993,Action,PG,Annabel Jankel,1993,5,28,NO,"$42,445,058 "
216,The Proposal,6/19/2009,Romantic Comedy,PG-13,Anne Fletcher,2009,6,19,NO,"$184,288,829 "
217,Race to Witch Mountain,3/13/2009,Adventure,PG,Andy Fickman,2009,3,13,YES,"$75,501,997 "
218,The Adventures of Huck Finn,4/2/1993,Adventure,PG,Stephen Sommers,1993,4,2,NO,"$49,080,505 "
219,Jefferson in Paris,3/31/1995,Drama,PG-13,James Ivory,1995,3,31,NO,"$4,770,461 "
220,The Jungle Book,4/15/2016,Adventure,PG,Wolfgang Reitherman,2016,4,15,NO,"$364,001,123 "
221,Sky High,7/29/2005,Adventure,PG,Mike Mitchell,2005,7,29,NO,"$84,088,854 "
222,Toy Story 2,11/19/1999,Adventure,G,John Lasseter,1999,11,19,NO,"$404,450,426 "
223,The Rescuers,6/22/1977,Adventure,UNKNOWN,Wolfgang Reitherman,1977,6,22,YES,"$159,743,914 "
224,Remember the Titans,9/29/2000,Drama,PG,Boaz Yakin,2000,9,29,NO,"$180,742,479 "
225,A Lot Like Love,4/22/2005,Comedy,PG-13,Nigel Cole,2005,4,22,NO,"$28,716,947 "
226,3 Ninjas,8/7/1992,Action,PG,Jon Turteltaub,1992,8,7,NO,"$58,965,304 "
227,Flight of the Navigator,7/30/1986,Adventure,PG,Randal Kleiser,1986,7,30,NO,"$42,183,197 "
228,America's Heart and Soul,7/2/2004,Documentary,Not Rated,Louis Schwartsberg,2004,7,2,NO,"$426,246 "
229,Swing Vote,8/1/2008,Comedy,PG-13,Joshua Michael Stern,2008,8,1,NO,"$19,125,841 "
230,The Straight Story,10/15/1999,Drama,G,David Lynch,1999,10,15,NO,"$10,111,144 "
231,The Kid,7/7/2000,Comedy,PG,NO_DIRECTOR,2000,7,7,NO,"$108,993,148 "
232,Enchanted,11/21/2007,Romantic Comedy,PG,Kevin Lima,2007,11,21,NO,"$156,074,310 "
233,Zootopia,3/4/2016,Adventure,PG,Byron Howard,2016,3,4,NO,"$341,268,248 "
234,I'll Be Home For Christmas,11/13/1998,Comedy,PG,James Brolin,1998,11,13,NO,"$21,941,840 "
235,The War at Home,11/20/1996,NO_GENRE,R,NO_DIRECTOR,1996,11,20,NO,"$65,543 "
236,Peter Pan: Return to Neverland,2/15/2002,Adventure,G,Robin Budd,2002,2,15,NO,"$70,269,715 "
237,Ratatouille,6/29/2007,Comedy,G,Brad Bird,2007,6,29,NO,"$252,955,933 "
238,Secretariat,10/8/2010,Drama,PG,Randall Wallace,2010,10,8,NO,"$63,781,920 "
239,Medicine Man,2/7/1992,Drama,PG-13,John McTiernan,1992,2,7,NO,"$91,304,495 "
240,A Thousand Acres,9/19/1997,Drama,R,Jocelyn Moorhouse,1997,9,19,NO,"$14,561,324 "
241,Mission to Mars,3/10/2000,Adventure,PG,Brian De Palma,2000,3,10,NO,"$95,208,344 "
242,Brother Bear,10/24/2003,Adventure,G,Robert Walker,2003,10,24,NO,"$119,218,333 "
243,Snow White and the Seven Dwarfs,12/21/2037,Musical,G,David Hand,1937,12,21,NO,"$5,228,953,251.00 "
244,Toy Story 3,6/18/2010,Adventure,G,Lee Unkrich,2010,6,18,NO,"$443,408,255 "
245,Miracle,2/6/2004,Drama,PG,NO_DIRECTOR,2004,2,6,NO,"$87,392,478 "
246,My Favorite Martian,2/12/1999,Comedy,PG,NO_DIRECTOR,1999,2,12,YES,"$61,150,849 "
247,Benji the Hunted,6/5/1987,Adventure,G,Joe Camp,1987,6,5,NO,"$32,798,382 "
248,A Far Off Place,3/12/1993,Adventure,PG,Mikael Salomon,1993,3,12,NO,"$26,248,558 "
249,Old Dogs,11/25/2009,Comedy,PG,Walt Becker,2009,11,25,NO,"$55,503,929 "
250,Alice in Wonderland,3/5/2010,Adventure,PG,Clyde Geronimi,2010,3,5,NO,"$357,063,499 "
251,The Little Mermaid,11/15/1989,Adventure,G,Ron Clements,1989,11,15,NO,"$223,726,012 "
252,Stick It,4/28/2006,Comedy,PG-13,Jessica Bendinger,2006,4,28,NO,"$34,634,731 "
253,Funny Bones,3/31/1995,Comedy,R,Peter Chelsom,1995,3,31,YES,"$1,025,425 "
254,Cars,6/9/2006,Comedy,G,John Lasseter,2006,6,9,NO,"$314,140,384 "
255,Bicentennial Man,12/17/1999,Drama,PG,Chris Columbus,1999,12,17,YES,"$94,838,225 "
256,Chimpanzee,4/20/2012,Documentary,G,Alastair Fothergill,2012,4,20,NO,"$30,675,725 "
257,The Apple Dumpling Gang,7/1/1975,Comedy,G,Norman Tokar,1975,7,1,NO,"$131,246,872 "
258,The Other Sister,2/26/1999,Romantic Comedy,PG-13,Garry Marshall,1999,2,26,NO,"$46,145,331 "
259,A Simple Twist of Fate,9/2/1994,Drama,PG-13,Gillies MacKinnon,1994,9,2,NO,"$7,035,189 "
260,Where the Heart Is,2/23/1990,Comedy,UNKNOWN,NO_DIRECTOR,1990,2,23,NO,"$2,210,321 "
261,Kaze Tachinu,11/8/2013,Drama,PG-13,Mitsuo Wakasugi,2013,11,8,NO,"$5,367,415 "
262,Off Beat,4/11/1986,Comedy,PG,Michael Dinner,1986,4,11,NO,"$11,003,932 "
263,The Greatest Game Ever Played,9/30/2005,Drama,PG,Bill Paxton,2005,9,30,NO,"$20,162,672 "
264,The Three Musketeers,11/12/1993,Adventure,PG,NO_DIRECTOR,1993,11,12,NO,"$109,310,377 "
265,A Civil Action,12/25/1998,Drama,PG-13,Steven Zaillian,1998,12,25,NO,"$94,139,530 "
266,Walt and El Grupo,9/10/2009,Documentary,PG,Theodore Thomas,2009,9,10,NO,"$23,064 "
267,Powder,10/27/1995,Drama,PG-13,Victor Salva,1995,10,27,NO,"$59,727,216 "
268,1492: Conquest of Paradise,10/9/1992,Adventure,PG-13,Ridley Scott,1992,10,9,NO,"$14,421,454 "
269,The Cemetery Club,2/3/1993,Comedy,PG-13,Bill Duke,1993,2,3,NO,"$11,369,541 "
270,Stay Alive,3/24/2006,Horror,PG-13,William Brent Bell,2006,3,24,NO,"$29,712,825 "
271,That Darn Cat,2/14/1997,Comedy,PG,NO_DIRECTOR,1997,2,14,NO,"$33,613,158 "
272,The Muppet Christmas Carol,12/11/1992,Comedy,G,Brian Henson,1992,12,11,YES,"$55,417,615 "
273,Step Up 2 the Streets,2/14/2008,Drama,PG-13,Jon M. Chu,2008,2,14,YES,"$68,118,371 "
274,Fantasia 2000 (Theatrical Release),6/16/2000,Musical,G,NO_DIRECTOR,2000,6,16,NO,"$14,238,144 "
275,The Santa Clause 2,11/1/2002,Comedy,G,Michael Lembeck,2002,11,1,YES,"$201,959,095 "
276,The Recruit,1/31/2003,Thriller/Suspense,PG-13,Roger Donaldson,2003,1,31,NO,"$73,793,522 "
277,Money for Nothing,9/10/1993,Comedy,R,Ramón Menéndez,1993,9,10,NO,"$2,127,496 "
278,Bad Company,1/20/1995,Thriller/Suspense,R,NO_DIRECTOR,1995,1,20,NO,"$6,829,092 "
279,I Love Trouble,6/29/1994,Romantic Comedy,PG,Charles Shyer,1994,6,29,YES,"$63,651,027 "
280,The Absent Minded Professor,3/16/2061,Comedy,G,Robert Stevenson,1961,3,16,NO,"$310,094,574 "
281,Jungle 2 Jungle,3/7/1997,Comedy,PG,John Pasquin,1997,3,7,NO,"$110,058,379 "
282,Tex,11/19/1982,Drama,UNKNOWN,NO_DIRECTOR,1982,11,19,NO,"$20,643,199 "
283,Life With Mikey,6/4/1993,Comedy,PG,James Lapine,1993,6,4,NO,"$25,146,538 "
284,Gone Fishin',5/30/1997,Comedy,PG,Riley Cairns,1997,5,30,NO,"$36,265,379 "
285,Rogue One: A Star Wars Story,12/16/2016,Adventure,PG-13,Gareth Edwards,2016,12,16,NO,"$529,483,936 "
286,The Marrying Man,4/5/1991,Romantic Comedy,R,Jerry Rees,1991,4,5,NO,"$24,939,118 "
287,Bubble Boy,8/24/2001,Comedy,PG-13,Blair Hayes,2001,8,24,YES,"$7,450,434 "
288,Baby: Secret of the Lost Legend,3/22/1985,Adventure,PG,Bill L. Norton,1985,3,22,NO,"$33,900,697 "
289,The Fox and the Hound,7/10/1981,Comedy,G,Art Stevens,1981,7,10,NO,"$133,118,889 "
290,High Heels and Low Lifes,10/26/2001,Action,R,Mel Smith,2001,10,26,NO,"$337,782 "
291,The Tie That Binds,9/8/1995,Thriller/Suspense,R,Wesley Strick,1995,9,8,NO,"$11,167,895 "
292,John Carter,3/9/2012,Adventure,PG-13,Andrew Stanton,2012,3,9,NO,"$77,372,445 "
293,Blank Check,2/11/1994,Comedy,PG,Rupert Wainwright,1994,2,11,NO,"$63,170,804 "
294,Guardians of the Galaxy,8/1/2014,Adventure,PG-13,James Gunn,2014,8,1,NO,"$343,771,168 "
295,Star Wars Ep. VII: The Force Awakens,12/18/2015,Adventure,PG-13,Unknown,2015,12,18,NO,"$936,662,225 "
296,A Goofy Movie,4/7/1995,Comedy,G,Kevin Lima,1995,4,7,NO,"$68,479,579 "
297,Hocus Pocus,7/16/1993,Comedy,PG,NO_DIRECTOR,1993,7,16,YES,"$80,147,079 "
298,Pete’s Dragon,8/12/2016,Adventure,PG,NO_DIRECTOR,2016,8,12,NO,"$76,233,151 "
299,Night Crossing,2/5/1982,Drama,PG,Delbert Mann,1982,2,5,NO,"$12,903,059 "
300,Lilo & Stitch,6/21/2002,Adventure,PG,Chris Sanders,2002,6,21,NO,"$211,506,702 "
301,Metro,1/17/1997,Action,R,Thomas Carter,1997,1,17,NO,"$58,804,106 "
302,National Treasure,11/19/2004,Adventure,PG,Jon Turteltaub,2004,11,19,NO,"$234,069,353 "
303,Shanghai Noon,5/26/2000,Western,PG-13,Tom Dey,2000,5,26,NO,"$89,042,541 "
304,Dangerous Minds,8/11/1995,Drama,R,John N. Smith,1995,8,11,YES,"$164,552,293 "
305,The Distinguished Gentleman,12/4/1992,Comedy,R,Jonathan Lynn,1992,12,4,NO,"$94,349,900 "
306,The Secret World of Arietty,2/17/2012,Adventure,G,NO_DIRECTOR,2012,2,17,NO,"$20,325,733 "
307,The Princess Diaries,8/3/2001,Comedy,G,Garry Marshall,2001,8,3,YES,"$161,218,928 "
308,Step Up 3D,8/6/2010,Drama,PG-13,Jon M. Chu,2010,8,6,NO,"$45,302,137 "
309,Underdog,8/3/2007,Adventure,PG,NO_DIRECTOR,2007,8,3,NO,"$53,619,462 "
310,Red Rock West,1/28/1994,Crime,R,John Dahl,1994,1,28,NO,"$5,170,709 "
311,Captain America: Civil War,5/6/2016,Action,PG-13,Anthony Russo,2016,5,6,YES,"$408,084,349 "
312,Mr. Wrong,2/16/1996,Romantic Comedy,PG-13,NO_DIRECTOR,1996,2,16,NO,"$24,422,334 "
313,Nixon,12/20/1995,Drama,R,Oliver Stone,1995,12,20,NO,"$26,302,005 "
314,The Ref,3/9/1994,Comedy,R,Ted Demme,1994,3,9,YES,"$23,401,275 "
315,The Santa Clause 3: The Escape Clause,11/3/2006,Comedy,G,Michael Lembeck,2006,11,3,NO,"$108,694,869 "
316,Ice Princess,3/18/2005,Comedy,G,Tim Fywell,2005,3,18,NO,"$32,064,685 "
317,King Arthur,7/7/2004,Adventure,PG-13,NO_DIRECTOR,2004,7,7,NO,"$70,423,706 "
318,Nothing To Lose,7/18/1997,Comedy,R,Steve Oedekerk,1997,7,18,NO,"$81,692,095 "
319,Herbie: Fully Loaded,6/22/2005,Comedy,G,Angela Robinson,2005,6,22,NO,"$86,812,798 "
320,Father of the Bride,12/20/1991,Comedy,PG,NO_DIRECTOR,1991,12,20,YES,"$179,821,881 "
321,You Again,9/24/2010,Comedy,PG,Andy Fickman,2010,9,24,NO,"$27,461,121 "
322,Treasure Planet,11/27/2002,Adventure,PG,Ron Clements,2002,11,27,NO,"$55,189,145 "
323,The Great Mouse Detective,7/2/1986,Adventure,G,Ron Clements,1986,7,2,YES,"$53,637,367 "
324,Cinderella,3/13/2015,Drama,PG,Wilfred Jackson,2015,3,13,NO,"$201,151,353 "
325,Frozen,11/22/2013,Adventure,PG,Chris Buck,2013,11,22,NO,"$414,997,174 "
326,Pirates of the Caribbean: On Stranger…,5/20/2011,Adventure,PG-13,Rob Marshall,2011,5,20,NO,"$256,263,359 "
327,Zokkomon,4/22/2011,Adventure,PG,Satyajit Bhatkal,2011,4,22,NO,"$2,984 "
328,Gross Anatomy,10/20/1989,Drama,PG-13,Thom Eberhardt,1989,10,20,NO,"$23,972,012 "
329,The Incredibles,11/5/2004,Adventure,PG,Brad Bird,2004,11,5,NO,"$354,488,708 "
330,Frank McKlusky C.I.,1/1/2002,Action,PG-13,Arlene Sanford,2002,1,1,NO,$0 
331,Taking Care of Business,8/17/1990,Comedy,R,Arthur Hiller,1990,8,17,NO,"$39,963,460 "
332,Tim Burton's The Nightmare Before Chr…,10/20/2006,Musical,PG,NO_DIRECTOR,2006,10,20,NO,"$30,737,517 "
333,Cocktail,7/29/1988,Drama,R,Roger Donaldson,1988,7,29,NO,"$160,442,289 "
334,Gun Shy,2/4/2000,Comedy,R,NO_DIRECTOR,2000,2,4,NO,"$2,562,155 "
335,Mr. Destiny,10/12/1990,Comedy,PG-13,James Orr,1990,10,12,NO,"$30,722,056 "
336,Herbie Goes to Monte Carlo,6/24/1977,Romance,G,Vincent McEveety,1977,6,24,NO,"$105,847,527 "
337,Evita,12/25/1996,Musical,PG,Alan Parker,1996,12,25,NO,"$92,077,628 "
338,Dark Water,7/8/2005,Thriller/Suspense,PG-13,Walter Salles,2005,7,8,NO,"$33,500,491 "
339,Piglet's Big Movie,3/21/2003,Comedy,G,Francis Glebas,2003,3,21,YES,"$32,298,812 "
340,Kazaam,7/17/1996,Comedy,PG,Paul Michael Glaser,1996,7,17,NO,"$36,009,655 "
341,Déjà Vu,11/22/2006,Thriller/Suspense,PG-13,Tony Scott,2006,11,22,NO,"$82,267,038 "
342,Waking Sleeping Beauty,3/26/2010,Documentary,PG,Don Hahn,2010,3,26,NO,"$86,264 "
343,The Count of Monte Cristo,1/25/2002,Drama,PG-13,Kevin Reynolds,2002,1,25,YES,"$78,682,079 "
344,The Program,9/24/1993,Action,R,Stephen Frears,1993,9,24,NO,"$46,919,256 "
345,When in Rome,1/29/2010,Romantic Comedy,PG-13,Mark Steven Johnson,2010,1,29,NO,"$34,917,330 "
346,Born Yesterday,3/26/1993,Romantic Comedy,PG,NO_DIRECTOR,1993,3,26,NO,"$36,165,012 "
347,The Alamo,4/9/2004,Western,PG-13,NO_DIRECTOR,2004,4,9,NO,"$30,416,359 "
348,Mad Love,5/26/1995,Drama,PG-13,NO_DIRECTOR,1995,5,26,NO,"$29,934,306 "
349,Armageddon,7/1/1998,Adventure,PG-13,Michael Bay,1998,7,1,YES,"$362,324,957 "
350,Air Bud,8/1/1997,Comedy,PG,Charles Martin Smith,1997,8,1,NO,"$45,266,588 "
351,Fire Birds,5/24/1990,Action,PG-13,David Green,1990,5,24,NO,"$29,485,923 "
352,The Black Cauldron,7/24/1985,Adventure,PG,Ted Berman,1985,7,24,NO,"$50,553,142 "
353,Oz the Great and Powerful,3/8/2013,Adventure,PG,Sam Raimi,2013,3,8,NO,"$243,434,130 "
354,Two Much,3/15/1996,Romantic Comedy,PG-13,Fernando Trueba,1996,3,15,NO,"$2,057,055 "
355,102 Dalmatians,11/22/2000,Comedy,G,Kevin Lima,2000,11,22,NO,"$104,055,039 "
356,The Pacifier,3/4/2005,Comedy,PG,Adam Shankman,2005,3,4,NO,"$148,619,029 "
357,Prom,4/29/2011,Comedy,PG,NO_DIRECTOR,2011,4,29,NO,"$10,768,946 "
358,Un indien dans la ville,3/22/1996,Comedy,PG,NO_DIRECTOR,1996,3,22,NO,"$1,963,937 "
359,Annapolis,1/27/2006,Drama,PG-13,Justin Lin,2006,1,27,YES,"$22,044,113 "
360,The Country Bears,7/26/2002,Adventure,G,Peter Hastings,2002,7,26,NO,"$24,650,121 "
361,Planes: Fire and Rescue,7/18/2014,Adventure,PG,Roberts Gannaway,2014,7,18,NO,"$61,040,349 "
362,Tin Men,3/6/1987,Comedy,R,Barry Levinson,1987,3,6,NO,"$54,787,202 "
363,Renaissance Man,6/3/1994,Comedy,PG-13,Penny Marshall,1994,6,3,YES,"$49,945,474 "
364,Playing God,10/17/1997,Thriller/Suspense,R,NO_DIRECTOR,1997,10,17,NO,"$7,652,965 "
365,Phenomenon,7/5/1996,Drama,PG,NO_DIRECTOR,1996,7,5,NO,"$199,559,799 "
366,Gnomeo and Juliet,2/11/2011,Comedy,G,Kelly Asbury,2011,2,11,NO,"$106,270,797 "
367,The Color of Money,10/17/1986,Drama,R,Martin Scorsese,1986,10,17,NO,"$117,957,323 "
368,Blackbeard's Ghost,2/8/2068,Comedy,G,Robert Stevenson,1968,2,8,YES,"$138,612,686 "
369,Ernest Scared Stupid,10/11/1991,Comedy,PG,John R. Cherry III,1991,10,11,NO,"$28,320,147 "
370,The Emperor's New Groove,12/15/2000,Adventure,G,Mark Dindal,2000,12,15,YES,"$136,789,252 "
371,Double Take,1/12/2001,Action,PG-13,George Gallo,2001,1,12,NO,"$44,418,589 "
372,Rocket Man,10/10/1997,Comedy,PG,Oscar Rudolph,1997,10,10,NO,"$28,371,890 "
373,Mulan,6/19/1998,Adventure,G,Barry Cook,1998,6,19,YES,"$216,807,832 "
374,Song of the South,11/12/2046,Adventure,G,Wilfred Jackson,1946,11,12,NO,"$1,078,510,579 "
375,The Black Hole,12/21/1979,Adventure,PG,Gary Nelson,1979,12,21,YES,"$120,377,374 "
376,Raising Helen,5/28/2004,Comedy,PG-13,Garry Marshall,2004,5,28,NO,"$50,886,144 "
377,A Gun in Betty Lou's Handbag,8/21/1992,Comedy,PG-13,Allan Moyle,1992,8,21,YES,"$7,295,423 "
378,The Air Up There,1/7/1994,Comedy,PG,Paul Michael Glaser,1994,1,7,NO,"$42,940,186 "
379,Roommates,3/3/1995,Comedy,PG,NO_DIRECTOR,1995,3,3,NO,"$23,404,369 "
380,Morning Light,10/17/2008,Documentary,PG,Mark Monroe,2008,10,17,NO,"$322,979 "
381,Valiant,8/19/2005,Adventure,G,Gary Chapman,2005,8,19,NO,"$25,616,292 "
382,Down and Out in Beverly Hills,1/31/1986,Comedy,R,Paul Mazursky,1986,1,31,NO,"$141,183,693 "
383,Tarzan,6/16/1999,Adventure,G,Chris Buck,1999,6,16,NO,"$283,900,254 "
384,The Royal Tenenbaums,12/14/2001,Black Comedy,R,Wes Anderson,2001,12,14,NO,"$76,758,193 "
385,James and the Giant Peach,4/12/1996,Adventure,PG,Henry Selick,1996,4,12,NO,"$55,159,783 "
386,"Mystery, Alaska",10/1/1999,Comedy,R,Jay Roach,1999,10,1,NO,"$14,755,189 "
387,Last Dance,5/3/1996,Drama,R,NO_DIRECTOR,1996,5,3,YES,"$11,171,714 "
388,My Science Project,8/9/1985,Comedy,PG,Jonathan R. Betuel,1985,8,9,,"$9,736,051 "
389,Homeward Bound II: Lost in San Franc…,3/8/1996,Adventure,G,David R. Ellis,1996,3,8,,"$62,384,706 "
390,The Muppets,11/23/2011,Comedy,PG,James Bobin,2011,11,23,,"$94,189,503 "
391,Turner & Hooch,7/28/1989,Comedy,PG,NO_DIRECTOR,1989,7,28,,"$150,176,361 "
392,Oceans,4/22/2010,Documentary,G,NO_DIRECTOR,2010,4,22,,"$20,751,600 "
393,It's Pat,8/26/1994,Comedy,PG-13,Adam Bernstein,1994,8,26,,"$125,666 "
394,The Finest Hours,1/29/2016,Thriller/Suspense,PG,Craig Gillespie,2016,1,29,,"$27,569,558 "
395,Shoot to Kill,2/12/1988,Action,R,Roger Spottiswoode,1988,2,12,,"$60,097,074 "
396,Hannah Montana the Movie,4/10/2009,Drama,G,Peter Chelsom,2009,4,10,,"$89,443,640 "
397,First Kid,8/30/1996,Comedy,PG,David M. Evans,1996,8,30,,"$50,465,108 "
398,Consenting Adults,10/16/1992,Drama,R,Alan J. Pakula,1992,10,16,,"$43,859,823 "
399,Dan in Real Life,10/20/2007,Romantic Comedy,PG-13,Peter Hedges,2007,10,20,,"$58,350,234 "
400,Sorority Boys,3/22/2002,Comedy,R,Wallace Wolodarsky,2002,3,22,,"$14,797,862 "
401,Simon Birch,9/11/1998,Drama,PG,Mark Steven Johnson,1998,9,11,,"$32,809,442 "
402,In the Army Now,8/12/1994,Comedy,PG,Daniel Petrie Jr.,1994,8,12,,"$59,673,787 "
403,Bad Company,6/7/2002,Action,PG-13,Joel Schumacher,2002,6,7,,"$43,756,218 "
404,Wreck-It Ralph,11/2/2012,Adventure,PG,Rich Moore,2012,11,2,,"$200,354,959 "
405,Iron Man 3,5/3/2013,Action,PG-13,Shane Black,2013,5,3,,"$424,084,233 "
406,Cinderella,2/15/2050,Drama,G,Wilfred Jackson,1950,2,15,,"$920,608,730 "
407,One Magic Christmas,11/22/1985,Drama,G,Phillip Borsos,1985,11,22,,"$31,415,432 "
408,Beverly Hills Chihuahua,10/3/2008,Comedy,PG,Raja Gosnell,2008,10,3,,"$110,932,022 "
409,WALL-E,6/27/2008,Adventure,G,Andrew Stanton,2008,6,27,,"$262,771,918 "
410,Aladdin,11/11/1992,Comedy,G,Ron Clements,1992,11,11,,"$441,969,178 "
411,Casanova,12/25/2005,Drama,R,Lasse Hallström,2005,12,25,,"$14,574,087 "
412,Thor: The Dark World,11/8/2013,Adventure,PG-13,Alan Taylor,2013,11,8,,"$213,962,184 "
413,Monkey Kingdom,4/17/2015,Documentary,G,Alastair Fothergill,2015,4,17,,"$16,432,322 "
414,Ernest Saves Christmas,11/11/1988,Comedy,PG,John R. Cherry III,1988,11,11,,"$57,845,202 "
415,Hannah Montana/Miley Cyrus: Best of B…,2/1/2008,Concert/Performance,G,NO_DIRECTOR,2008,2,1,,"$76,646,993 "
416,Saving Mr. Banks,12/13/2013,Drama,PG-13,John Lee Hancock,2013,12,13,,"$86,249,969 "
417,The Aristocats,4/24/2070,Musical,G,Wolfgang Reitherman,1970,4,24,,"$255,161,499 "
418,Calendar Girls,12/19/2003,Comedy,PG-13,Nigel Cole,2003,12,19,,"$42,379,650 "
419,Unstrung Heroes,9/15/1995,Drama,PG,Diane Keaton,1995,9,15,,"$15,365,850 "
420,Three Fugitives,1/27/1989,Comedy,PG-13,Francis Veber,1989,1,27,,"$85,757,817 "
421,Tomorrowland,5/22/2015,Adventure,PG,Brad Bird,2015,5,22,,"$93,436,322 "
422,The Village,7/30/2004,Thriller/Suspense,PG-13,M. Night Shyamalan,2004,7,30,,"$155,021,748 "
423,"Alexander and the Terrible, Horrible,…",10/10/2014,Comedy,PG,Miguel Arteta,2014,10,10,,"$69,055,550 "
424,Arachnophobia,7/18/1990,Thriller/Suspense,PG-13,Frank Marshall,1990,7,18,,"$106,290,270 "
425,Lincoln,11/9/2012,Drama,PG-13,NO_DIRECTOR,2012,11,9,,"$192,122,330 "
426,The Horse Whisperer,5/15/1998,Drama,PG-13,Robert Redford,1998,5,15,,"$135,497,531 "
427,Muppets Most Wanted,3/21/2014,Comedy,PG,James Bobin,2014,3,21,,"$52,807,594 "
428,Fantasia 2000 (IMAX),1/1/2000,Musical,G,Unknown,2000,1,1,,"$94,852,354 "
429,Spaced Invaders,4/27/1990,Comedy,PG,Patrick Read Johnson,1990,4,27,,"$29,964,452 "
430,Just Visiting,4/6/2001,Comedy,PG-13,Jean-Marie Poiré,2001,4,6,,"$7,114,869 "
431,Holes,4/18/2003,Drama,PG,Andrew Davis,2003,4,18,,"$94,203,395 "
432,The Last Shot,9/24/2004,Comedy,R,NO_DIRECTOR,2004,9,24,,"$629,502 "
433,The Jungle Book,10/18/2067,Musical,Not Rated,NO_DIRECTOR,1967,10,18,,"$789,612,346 "
434,Meet the Robinsons,3/30/2007,Adventure,G,Stephen J. Anderson,2007,3,30,,"$119,860,589 "
435,Dead Poets Society,6/2/1989,Drama,PG,Peter Weir,1989,6,2,,"$202,531,517 "
436,Avengers: Age of Ultron,5/1/2015,Action,PG-13,Joss Whedon,2015,5,1,,"$459,005,868 "
437,Man of the House,3/3/1995,Comedy,PG,NO_DIRECTOR,1995,3,3,,"$77,573,459 "
438,Bears,4/18/2014,Documentary,G,NO_DIRECTOR,2014,4,18,,"$18,346,024 "
439,Passed Away,4/24/1992,Comedy,PG-13,Charlie Peters,1992,4,24,,"$8,187,848 "
440,ESPN's Ultimate X - The Movie,5/10/2002,Documentary,PG,Unknown,2002,5,10,,"$6,089,874 "
441,Atlantis: The Lost Empire,6/8/2001,Adventure,PG,Gary Trousdale,2001,6,8,,"$125,188,122 "
442,Ernest Goes to Camp,5/22/1987,Comedy,PG,John R. Cherry III,1987,5,22,,"$50,686,462 "
443,Teacher's Pet: The Movie,1/16/2004,Comedy,PG,Unknown,2004,1,16,,"$8,812,764 "
444,Spy Hard,5/24/1996,Comedy,PG-13,Rick Friedberg,1996,5,24,,"$51,373,912 "
445,Snow Dogs,1/18/2002,Comedy,PG,Brian Levant,2002,1,18,,"$117,745,317 "
446,Frankenweenie,10/5/2012,Comedy,PG,Tim Burton,2012,10,5,,"$37,363,513 "
447,Tuck Everlasting,10/11/2002,Drama,PG,Jay Russell,2002,10,11,,"$27,789,959 "
448,Hauru no ugoku shiro,6/10/2005,Adventure,PG,Hayao Miyazaki,2005,6,10,,"$6,194,870 "
449,Gedo Senki (Tales from Earthsea),8/13/2010,Adventure,PG-13,NO_DIRECTOR,2010,8,13,,"$51,988 "
450,Return to Oz,6/21/1985,Adventure,G,Walter Murch,1985,6,21,,"$25,215,934 "
451,Disney's A Christmas Carol,11/6/2009,Drama,PG,Robert Zemeckis,2009,11,6,,"$154,927,105 "
452,Prefontaine,1/24/1997,Drama,PG-13,Steve James,1997,1,24,,"$1,085,093 "
453,Beaches,12/21/1988,Drama,PG-13,Garry Marshall,1988,12,21,,"$120,381,757 "
454,101 Dalmatians,1/25/2061,Comedy,G,NO_DIRECTOR,1961,1,25,,"$1,362,870,985 "
455,The Last Song,3/31/2010,Drama,PG,Julie Anne Robinson,2010,3,31,,"$67,258,772 "
456,Father Hood,8/27/1993,Action,PG-13,Darrell James Roodt,1993,8,27,,"$6,654,819 "
457,Encino Man,5/22/1992,Comedy,PG,Les Mayfield,1992,5,22,,"$40,000,000 "
458,Sweet Home Alabama,9/27/2002,Comedy,PG-13,Andy Tennant,2002,9,27,,"$184,521,151 "
459,Play it to the Bone,12/24/1999,Comedy,R,Ron Shelton,1999,12,24,,"$13,180,524 "
460,The Odd Life of Timothy Green,8/15/2012,Drama,PG,Peter Hedges,2012,8,15,,"$54,914,942 "
461,Honey I Blew Up the Kid,7/17/1992,Comedy,PG,Randal Kleiser,1992,7,17,,"$119,162,518 "
462,Hercules,6/13/1997,Adventure,G,Ron Clements,1997,6,13,,"$182,029,412 "
